@article{hart1992nonintrusive,
  title={Nonintrusive appliance load monitoring},
  author={Hart, George William},
  journal={Proceedings of the IEEE},
  volume=80,
  number=12,
  pages={1870--1891},
  year=1992,
  publisher={IEEE}
}

@inproceedings{parson2012non,
  title={Non-Intrusive Load Monitoring Using Prior Models of General Appliance Types.},
  author={Parson, Oliver and Ghosh, Siddhartha and Weal, Mark J and Rogers, Alex},
  booktitle={AAAi},
  year=2012
}

@inproceedings{kim2011unsupervised,
  title={Unsupervised disaggregation of low frequency power measurements},
  author={Kim, Hyungsul and Marwah, Manish and Arlitt, Martin and Lyon, Geoff and Han, Jiawei},
  booktitle={Proceedings of the 2011 SIAM International Conference on Data Mining},
  pages={747--758},
  year=2011,
  organization={SIAM}
}

@article{giri2015energy,
  title={An energy estimation framework for event-based methods in Non-Intrusive Load Monitoring},
  author={Giri, Suman and Berg{\'e}s, Mario},
  journal={Energy Conversion and Management},
  volume=90,
  pages={488--498},
  year=2015,
  publisher={Elsevier}
}

@inproceedings{uttama2015loced,
  title={Loced: Location-aware energy disaggregation framework},
  author={Uttama Nambi, Akshay SN and Reyes Lua, Antonio and Prasad, Venkatesha R},
  booktitle={Proceedings of the 2Nd ACM International Conference on Embedded Systems for Energy-Efficient Built Environments},
  pages={45--54},
  year=2015,
  organization={ACM}
}
